@inproceedings{sebastian,
author = {Poeplau, Sebastian and Francillon, Aur\'{e}lien},
title = {Systematic Comparison of Symbolic Execution Systems: Intermediate Representation and Its Generation},
year = {2019},
isbn = {9781450376280},
publisher = {Association for Computing Machinery},
address = {New York, NY, USA},
url = {https://doi.org/10.1145/3359789.3359796},
doi = {10.1145/3359789.3359796},
booktitle = {Proceedings of the 35th Annual Computer Security Applications Conference},
pages = {163–176},
numpages = {14},
keywords = {symbolic execution, intermediate representation},
location = {San Juan, Puerto Rico},
series = {ACSAC ’19}
}


@inproceedings{fuzzeval,
author = {Klees, George and Ruef, Andrew and Cooper, Benji and Wei, Shiyi and Hicks, Michael},
title = {Evaluating Fuzz Testing},
year = {2018},
isbn = {9781450356930},
publisher = {Association for Computing Machinery},
address = {New York, NY, USA},
url = {https://doi.org/10.1145/3243734.3243804},
doi = {10.1145/3243734.3243804},
booktitle = {Proceedings of the 2018 ACM SIGSAC Conference on Computer and Communications Security},
pages = {2123–2138},
numpages = {16},
keywords = {fuzzing, evaluation, security},
location = {Toronto, Canada},
series = {CCS ’18}
}

  
@inproceedings {besensitive,
author = {Jinghan Wang and Yue Duan and Wei Song and Heng Yin and Chengyu Song},
title = {Be Sensitive and Collaborative: Analyzing Impact of Coverage Metrics in Greybox Fuzzing},
booktitle = {22nd International Symposium on Research in Attacks, Intrusions and Defenses ({RAID} 2019)},
year = {2019},
isbn = {978-1-939133-07-6},
address = {Chaoyang District, Beijing},
pages = {1--15},
url = {https://www.usenix.org/conference/raid2019/presentation/wang},
publisher = {{USENIX} Association},
month = sep,
}

@InProceedings{serebryany2017oss,
  author    = {Serebryany, Kostya},
  title     = {OSS-Fuzz-Google’s continuous fuzzing service for open source software},
  booktitle = {USENIX Security Symposium},
  year      = {2017},
}

@inproceedings {aflplusplus,
  author = {Andrea Fioraldi and Dominik Maier and Heiko Ei{\ss}feldt and Marc Heuse},
  title = {{AFL++}: Combining Incremental Steps of Fuzzing Research},
  booktitle = {14th {USENIX} Workshop on Offensive Technologies ({WOOT} 20)},
  year = {2020},
  publisher = {{USENIX} Association},
  month = aug,
}

@misc{aflwhitepaper,
  author = {Michał Zalewski},
  title = {{American Fuzzy Lop - Whitepaper}},
  howpublished = "\url{https://lcamtuf.coredump.cx/afl/technical_details.txt}",
}

@inproceedings{ijon,
  title={IJON: Exploring Deep State Spaces via Fuzzing},
  author={Aschermann, Cornelius and Schumilo, Sergej and Abbasi, Ali and Holz, Thorsten},
  booktitle={IEEE Symposium on Security and Privacy (Oakland)},
  year={2020}
}

@inproceedings{aflfast,
author = {B\"{o}hme, Marcel and Pham, Van-Thuan and Roychoudhury, Abhik},
title = {Coverage-Based Greybox Fuzzing as Markov Chain},
year = {2016},
isbn = {9781450341394},
publisher = {Association for Computing Machinery},
address = {New York, NY, USA},
url = {https://doi.org/10.1145/2976749.2978428},
doi = {10.1145/2976749.2978428},
booktitle = {Proceedings of the 2016 ACM SIGSAC Conference on Computer and Communications Security},
pages = {1032-1043},
numpages = {12},
keywords = {vulnerability detection, software security, fuzzing, foundations, testing efficiency},
location = {Vienna, Austria},
series = {CCS ’16}
}

@inproceedings {mopt,
author = {Chenyang Lyu and Shouling Ji and Chao Zhang and Yuwei Li and Wei-Han Lee and Yu Song and Raheem Beyah},
title = {{MOPT}: Optimized Mutation Scheduling for Fuzzers},
booktitle = {28th {USENIX} Security Symposium ({USENIX} Security 19)},
year = {2019},
isbn = {978-1-939133-06-9},
address = {Santa Clara, CA},
pages = {1949--1966},
url = {https://www.usenix.org/conference/usenixsecurity19/presentation/lyu},
publisher = {{USENIX} Association},
month = aug,
}

@inproceedings{redqueen,
  author    = {Cornelius Aschermann and
               Sergej Schumilo and
               Tim Blazytko and
               Robert Gawlik and
               Thorsten Holz},
  title     = {{REDQUEEN:} Fuzzing with Input-to-State Correspondence},
  booktitle = {26th Annual Network and Distributed System Security Symposium, {NDSS}},
  year      = {2019},
  url       = {https://www.ndss-symposium.org/ndss-paper/redqueen-fuzzing-with-input-to-state-correspondence/},
  timestamp = {Thu, 02 May 2019 15:52:50 +0200},
  biburl    = {https://dblp.org/rec/bib/conf/ndss/AschermannSBGH19},
  bibsource = {dblp computer science bibliography, https://dblp.org}
}

@misc{lafintel,
  title = {{Circumventing Fuzzing Roadblocks with Compiler Transformations}},
  howpublished = "\url{https://lafintel.wordpress.com/2016/08/15/circumventing-fuzzing-roadblocks-with-compiler-transformations/}",
  year = {2016},
}

@book{compilerbook,
author = {Cooper, Keith and Torczon, Linda},
title = {Engineering a Compiler: International Student Edition},
year = {2003},
isbn = {9780080472676},
publisher = {Morgan Kaufmann Publishers Inc.},
address = {San Francisco, CA, USA}
}

@Misc{fuzzbench,
  author       = {Jonathan Metzman, Abhishek Arya, László Szekeres},
  howpublished = {Google Security Blog},
  month        = mar,
  title        = {{FuzzBench}: Fuzzer Benchmarking as a Service},
  year         = {2020},
}

@inproceedings{parmesan,
	title = {{ParmeSan}: {Sanitizer}-guided {Greybox} {Fuzzing}},
	url = {Paper=https://download.vusec.net/papers/parmesan_sec20.pdf Code=https://github.com/vusec/parmesan},
	booktitle = {{USENIX} {Security}},
	author = {Österlund, Sebastian and Razavi, Kaveh and Bos, Herbert and Giuffrida, Cristiano},
	month = aug,
	year = {2020},
	keywords = {class\_testing, proj\_binrec, proj\_panta, proj\_react, proj\_securecode, proj\_vici, type\_conf, type\_tier1, type\_top}
}

@misc{fuzzing-book,
  author = {Zeller, A. and Gopinath, R. and B\"{o}hme,  M. and Fraser, G.  and Holler, C.},
  title = {{The Fuzzing Book}},
  howpublished = "\url{https://www.fuzzingbook.org/}",
  year = {2019}, 
  note = "[Online; accessed 10-Sep-2019]"
}


